@article{fernandes2005politicas,
	title={Pol{\'\i}ticas P{\'u}blicas: o poder de compra do Governo},
	author={FERNANDES J{\'U}NIOR, Ottoni and FURTADO, C},
	journal={Desafios do Desenvolvimento},
	volume={2},
	number={10},
	year={2005}
}

@techreport{thesing2012municipios,
	title={Munic{\'\i}pios e estados: experiencias com arranjos cooperativos},
	author={Thesing, Josef and Thesing, Josef and Heieck, Stephan and Trusen, Christoph and others},
	year={2012},
	institution={Konrad Adenauer Stiftung}
}
@book{fowler2009padroes,
	title={Padr{\~o}es de arquitetura de aplica{\c{c}}{\~o}es corporativas},
	author={Fowler, Martin},
	year={2008},
	publisher={Bookman}
}

@article{sommerville2007engenharia,
	title={Engenharia de Software, 8{\textordfeminine} edi{\c{c}}{\~a}o, Tradu{\c{c}}{\~a}o: Selma Shin Shimizu Mel-nikoff, Reginaldo Arakaki, Edilson de Andrade Barbosa},
	author={Sommerville, Ian},
	journal={S{\~a}o Paulo: Pearson Addison-Wesley},
	volume={22},
	pages={103},
	year={2007}
}
@article{123,
	title={Licitação Pública Modalidade Carta Convite.},
	author={BRUNO, Hamilton et Al.},
	journal={Unidade Universitária de Morrinhos Bacharelado em Ciências Contábeis},
	year={2012}
}

@book{shimizu2001decisoes,
	title={Decis{\~o}es nas organiza{\c{c}}{\~o}es: introdu{\c{c}}{\~a}o aos problemas de decis{\~a}o encontrados nas organiza{\c{c}}{\~o}es e nos sistemas de apoio {\`a} decis{\~a}o},
	author={Shimizu, Tamio},
	year={2001},
	publisher={Atlas}
}
@article{camarao2013fase,
	title={A fase interna da licita{\c{c}}{\~a}o: distin{\c{c}}{\~o}es entre projeto b{\'a}sico e termo de refer{\^e}ncia},
	author={Camar{\~a}o, Tatiana Martins da Costa and Daniel, Felipe Alexandre Santa Anna Mucci},
	journal={F{\'o}rum de Contrata{\c{c}}{\~a}o e Gest{\~a}o P{\'u}blica [recurso eletr{\^o}nico]},
	year={2013},
	publisher={F{\'o}rum}
}

@article{l8666,
	title={Lei nº 8.666},
	author={Brasil},
	url={http://www.planalto.gov.br/ccivil_03/leis/L8666cons.htm},
	year={1993},
	note = {Online; acessado em 15 de fevereiro de 2017}
}

@article{l10529,
	title={Lei nº 10.520},
	author={Brasil},
	url={http://www.planalto.gov.br/ccivil_03/LEIS/2002/L10520.htm},
	year={2002},
	note = {Online; acessado em 15 de fevereiro de 2017}
}

@article{l3555,
	title={Decreto nº 3.555},
	author={Brasil},
	url={http://www.planalto.gov.br/ccivil_03/decreto/d3555.htm},
	year={2000},
	note = {Online; acessado em 15 de fevereiro de 2017}
}

@article{l5450,
	title={Decreto nº 5.450},
	author={Brasil},
	url={http://www.planalto.gov.br/ccivil_03/_ato2004-2006/2005/decreto/d5450.htm},
	year={2005},
	note = {Online; acessado em 15 de fevereiro de 2017}
}

@article{l2300,
	title={Decreto-Lei nº 2.300},
	author={Brasil},
	url={http://www.planalto.gov.br/ccivil_03/decreto-lei/Del2300-86.htm},
	year={1986},
	note = {Online; acessado em 15 de fevereiro de 2017}
}

@article{l1988,
	title={Constituição 1988},
	author={Brasil},
	url={http://www.planalto.gov.br/ccivil_03/constituicao/constituicao.htm},
	year={1988},
	note = {Online; acessado em 15 de fevereiro de 2017}
}

@book{rezende2006engenharia,
  title={Engenharia de Software e Sistemas de Informa{\c{c}}{\~a}o},
  author={Rezende, D.A.},
  isbn={9788574522159},
  url={https://books.google.com.br/books?id=rtBvl\_L-1mcC},
  year={2006},
  publisher={Brasport}
}

@article{pacheco2018institutos,
  title={Os Institutos Federais: uma revolu{\c{c}}{\~a}o na educa{\c{c}}{\~a}o profissional e tecnol{\'o}gica},
  author={Pacheco, Eliezer Moreira},
  year={2018}
}

@article{ntextordmasculine201611,
  title={11.892, DE 29 DE DEZEMBRO DE 2008},
  author={N{\textordmasculine}, LEI},
  journal={Institui a Rede Federal de Educa{\c{c}}{\~a}o Profissional, Cient{\'\i}fica e Tecnol{\'o}gica, cria os Institutos Federais de Educa{\c{c}}{\~a}o, Ci{\^e}ncia e Tecnologia, e d{\'a} outras provid{\^e}ncias},
  year={2016}
}

@article{prestes2004guia,
  title={Guia valor econ{\^o}mico de licita{\c{c}}{\~o}es},
  author={PRESTES, Cristine and BATISTA, Henrique Gomes},
  journal={S{\~a}o Paulo: Globo},
  year={2004}
}

@article{oliveira2013,
  title={Princ{\'\i}pios e elementos do processo licitat{\'o}rio - Unesp - 2a edi{\c{c}}{\~a}o 2013 aperfei{\c{c}}oamento em Licita{\c{c}}{\~a}o e Contrata{\c{c}}{\~a}o P{\'u}blica},
  author={Oliveira, José Carlos de},
  year={2013},
  url = {http://acervodigital.unesp.br/handle/123456789/65615},
  note = {Online; acessado em 11 de novembro de 2018}
}

@article{ribeiro2007evoluccao,
  title={A evolu{\c{c}}{\~a}o da licita{\c{c}}{\~a}o},
  author={Ribeiro, Geraldo Luiz Vieira},
  journal={Portal da classe cont{\'a}bil},
  year={2007}
}

@article{filho2013,
  title={A Licita{\c{c}}{\~a}o na Constitui{\c{c}}{\~a}o de 1988},
  author={Filho, Luiz Fernando Bandeira de Melo},
  year={2013},
  url = {https://www12.senado.leg.br/publicacoes/estudos-legislativos/tipos-de-estudos/outras-publicacoes/volume-ii-constituicao-de-1988-o-brasil-20-anos-depois.-o-exercicio-da-politica/},
  note = {Online; acessado em 11 de novembro de 2018}
}

@book{de2011pregao,
  title={Preg{\~a}o presencial e eletr{\^o}nico},
  author={de Menezes Niebuhr, Joel},
  year={2011},
  publisher={Editora F{\'o}rum}
}

@incollection{dicionario,
  title={Novo dicion{\'a}rio Aur{\'e}lio da l{\'\i}ngua portuguesa},
  author={Ferreira, Aur{\'e}lio Buarque de Holanda},
  booktitle={Novo dicion{\'a}rio Aur{\'e}lio da l{\'\i}ngua portuguesa},
  year={2004}
}

@book{justen2010curso,
  title={Curso de direito administrativo},
  author={Justen Filho, Mar{\c{c}}al},
  year={2010},
  publisher={Saraiva}
}

@article{mello2009celso,
  title={Celso Ant{\^o}nio Bandeira de},
  author={MELLO, Celso Ant{\^o}nio Bandeira de},
  journal={Curso de direito administrativo},
  volume={20},
  year={2009}
}

@book{alexandrino2008direito,
  title={Direito administrativo descomplicado},
  author={Alexandrino, Marcelo and Paulo, Vicente},
  volume={12},
  year={2008},
  publisher={M{\'e}todo}
}

@article{di2006500,
  title={500 anos de direito administrativo brasileiro},
  author={Di Pietro, Maria Sylvia Zanella},
  journal={Revista Eletr{\^o}nica de Direito do Estado, Salvador, Instituto de Direito P{\'u}blico da Bahia},
  number={5},
  year={2006}
}
@book{gasparini2017direito,
  title={Direito administrativo},
  author={Gasparini, Di{\'o}genes},
  year={2017},
  publisher={Editora Saraiva}
}
@article{barreto2008licitaccoes,
  title={Licita{\c{c}}{\~o}es--No{\c{c}}{\~o}es Elementares},
  author={BARRETO, Magda Luiza Torres},
  journal={Universidade Federal do Pampa, CONJUR-Consultoria Jur{\'\i}dica},
  year={2008}
}
@article{mello2016licitaccao,
  title={A Licita{\c{c}}{\~a}o na Constitui{\c{c}}{\~a}o de 1988. sd Dispon{\'\i}vel em:< https://www12. senado. leg. br/publicacoes/estudos-legislativos/tipos-deestudos/outras-publicacoes/volume-ii-constituicao-de-1988-o-brasil-20-anos-depois.-o-exercicio-da-politica/a-licitacao-na-constituicao-de-1988>},
  author={MELLO FILHO, LFB},
  volume={12},
  year={2016}
}
@mastersthesis{alvarenga2016efeitos,
  title={Os efeitos da cultura nacional no desenvolvimento de sistemas de informa{\c{c}}{\~a}o em equipes globalmente distribu{\'\i}das},
  author={Alvarenga, Fernando Zeni},
  year={2016},
  school={Pontif{\'\i}cia Universidade Cat{\'o}lica do Rio Grande do Sul}
}

@article{schimiguel2017tecnicas,
  title={T{\'e}cnicas para requisitos funcionais de Interfaces Homem Computador com recursos em elicita{\c{c}}{\~a}o},
  author={Schimiguel, Juliano and de Fabris Lopes, Leonardo and Peixoto, Cecilia Sosa Arias and Martins, Carlos Adriano},
  journal={Research, Society and Development},
  volume={6},
  number={1},
  pages={47--63},
  year={2017},
  publisher={Grupo de Pesquisa Metodologias em Ensino e Aprendizagem em Ci{\^e}ncias de Unifei-Itabira}
}

@book{pressman2016engenharia,
  title={Engenharia de Software-8{\textordfeminine} Edi{\c{c}}{\~a}o},
  author={Pressman, Roger and Maxim, Bruce},
  year={2016},
  publisher={McGraw Hill Brasil}
}

@inproceedings{vasconcelos2016arquitectura,
  title={Arquitectura de Sistemas de Informa{\c{c}}{\~a}o: A Ferramenta de Alinhamento Neg{\'o}cio/Sistemas de Informa{\c{c}}{\~a}o?},
  author={Vasconcelos, Andr{\'e} and Caetano, Artur and Sinogas, Pedro and Mendes, Ricardo and Tribolet, Jos{\'e}},
  booktitle={Atas da Confer{\^e}ncia da Associa{\c{c}}{\~a}o Portuguesa de Sistemas de Informa{\c{c}}{\~a}o},
  volume={3},
  number={3},
  year={2016}
}

@article{azevedo2008definiccao,
  title={Defini{\c{c}}{\~a}o de requisitos de software baseada numa arquitetura de modelagem de neg{\'o}cios},
  author={Azevedo Junior, Delmir Peixoto de and Campos, Renato de},
  journal={Produ{\c{c}}{\~a}o},
  pages={26--46},
  year={2008},
  publisher={Associa{\c{c}}{\~a}o Brasileira de Engenharia de Produ{\c{c}}{\~a}o}
}

@phdthesis{lemos2018desenvolvimento,
  title={Desenvolvimento de um sistema de informa{\c{c}}{\~a}o para uma Institui{\c{c}}{\~a}o Particular de Solidariedade Social (IPSS)},
  author={Lemos, Albano Melo de},
  year={2018}
}

@article{gotardo2015linguagem,
  title={Linguagem de Programa{\c{c}}{\~a}o},
  author={GOTARDO, REGINALDO APARECIDO},
  journal={Rio de Janeiro: Seses},
  year={2015}
}

@article{manovich2015banco,
  title={Banco de Dados},
  author={Manovich, Lev},
  journal={Revista ECO-P{\'o}s},
  volume={18},
  number={1},
  pages={7--26},
  year={2015}
}

@article{pereira2015informatizaccao,
  title={Informatiza{\c{c}}{\~a}o dos instrumentos de avalia{\c{c}}{\~a}o da manutenibilidade para homologa{\c{c}}{\~a}o de sistemas construtivos inovadores},
  author={Pereira, Lucas Melchiori and Bondan{\c{c}}a, Nivaldo HN and Fabr{\'\i}cio, M{\'a}rcio Minto and Reis, Daniel C},
  journal={Blucher Engineering Proceedings},
  volume={2},
  number={2},
  pages={682--695},
  year={2015}
}

@article{santos2017cp,
  title={CP-IPEM\_PR: Controle de Patrim{\^o}nio},
  author={Santos, Luiz Gustavo Dutkowski Ramos dos},
  year={2017}
}

@article{salvador2015processo,
  title={Processo de homologa{\c{c}}{\~a}o: um estudo de caso},
  author={Salvador, Moacir Carlos Tonini},
  journal={Engenharia de Projetos de Software-Florian{\'o}polis},
  year={2015}
}

@article{versionamento,
  title={Versionamento Sem{\^a}ntico 2,0,0},
  author={Comnisky,William G.},
  url={https://semver.org/lang/pt-BR/},
  year={2018},
  note = {Online; acessado em 17 de novembro de 2018}
}

@article{apresentacao,
	title={O IFG},
	author={IFG},
	url={https://www.ifg.edu.br/apresentacao-a-instituicao},
	year={2016},
	note = {Online; acessado em 17 de novembro de 2018}
}

@article{palestino2015estudo,
  title={Estudo de tecnologias de controle de vers{\~o}es de software},
  author={Palestino, Caroline Munhoz Corr{\^e}a},
  year={2015}
}

@article{dos2013metodologias,
  title={Metodologias {\'A}geis Para O Desenvolvimento De Software: Aplica{\c{c}}{\~a}o E O Uso Da Metodologia Scrum Em Contraste Ao Modelo Tradicional De Gerenciamento De Projetos},
  author={dos Santos Silva, Daisy Eliana and de Souza, Ingredy Tha{\'\i}s and Camargo, Talita},
  journal={Revista Computa{\c{c}}{\~a}o Aplicada-UNG-Ser},
  volume={2},
  number={1},
  pages={39--46},
  year={2013}
}

@article{fadel2010metodologias,
  title={Metodologias {\'a}geis no contexto de desenvolvimento de software: XP, Scrum e Lean},
  author={Fadel, Aline Cristine and SILVEIRA, Henrique da Mota},
  journal={Monografia do Curso de Mestrado FT-027-Gest{\~a}o de Projetos e Qualidade da Faculdade de Tecnologia--UNICAMP},
  volume={98},
  pages={101},
  year={2010}
}

@article{cunha2016qualidade,
  title={Qualidade de software com MPS. BR nos n{\'\i}veis de maturidade G e F},
  author={Cunha, Marcelo Augusto Resende and Silva, Alysson Alexander Naves},
  journal={Revista de Inicia{\c{c}}{\~a}o Cient{\'\i}fica da Libertas},
  volume={2},
  number={2},
  year={2016}
}

@article{mazuco2017percepccoes,
  title={Percep{\c{c}}{\~o}es de pr{\'a}ticas {\'a}geis em desenvolvimento de software: benef{\'\i}cios e desafios},
  author={Mazuco, Alan Saulo da Costa},
  year={2017}
}

@article{arquitetura,
  title={AngularJS - Spring MVC Architecture},
  author={Carlos,Juan},
  url={http://creately.com/diagram/example/joojyrjw1},
  year={2015},
  note = {Online; acessado em 19 de novembro de 2018}
}

@article{bancomaisusado,
  title={Developer Survey Results 2018},
  author={StackOverflow},
  url={https://insights.stackoverflow.com/survey/2018/#technology},
  year={2018},
  note = {Online; acessado em 19 de novembro de 2018}
}

@article{linguagemEframework,
  title={2018 Developer Skills Report},
  author={HackerRank},
  url={https://research.hackerrank.com/developer-skills/2018/},
  year={2018},
  note = {Online; acessado em 19 de novembro de 2018}
}

@article{lutz2018implantaccao,
	title={IMPLANTA{\c{C}}{\~A}O DE NOVO PROCESSO DE TRABALHO EM UMA F{\'A}BRICA DE SOFTWARE BASEADO NOS MODELOS {\'A}GEIS DE DESENVOLVIMENTO},
	author={Franzen, Evandro and Lutz, Douglas},
	journal={Revista Destaques Acad{\^e}micos},
	volume={10},
	number={1},
	year={2017}
}


@book{baltzan2016tecnologia,
  title={Tecnologia Orientada para Gest{\~a}o},
  author={Baltzan, Paige},
  year={2016},
  publisher={McGraw Hill Brasil}
}

@book{vargas2014manual,
  title={Manual Pr{\'a}tico do Plano do Projeto-5{\textordfeminine} Edi{\c{c}}{\~a}o: Utilizando o PMBOK Guide},
  author={Vargas, Ricardo Viana},
  year={2014},
  publisher={Brasport}
}

@article{dos2004metodologias,
  title={Metodologias {\'a}geis extreme programming e scrum para o desenvolvimento de software},
  author={dos Santos Soares, Michel},
  journal={Revista Eletr{\^o}nica de Sistemas de Informa{\c{c}}{\~a}o},
  volume={3},
  number={1},
  year={2004}
}

@article{paulk2013scrum,
  title={A Scrum Adoption Survey.},
  author={Paulk, Mark C},
  journal={Software Quality Professional},
  volume={15},
  number={2},
  year={2013}
}

@article{sampaio2004xwebprocess,
  title={XWebProcess: Um processo {\'a}gil para o desenvolvimento de aplica{\c{c}}{\~o}es Web},
  author={Sampaio, Am{\'e}rico},
  journal={Msc by Research Dissertation},
  year={2004}
}

@article{ferreira2015arquitetutura,
  title={Arquitetutura da informa{\c{c}}{\~a}o no desenvolvimento de aplica{\c{c}}{\~a}o web},
  author={Ferreira, Guilherme Fischmann and others},
  year={2015}
}

@article{silva2017aplicaccao,
  title={Aplica{\c{c}}{\~a}o backend para consulta de dados de geoposicionamento de {\^o}nibus e previs{\~a}o de chegada},
  author={Silva, Gustavo Henrique Garcia and others},
  year={2017},
  publisher={Universidade Federal de Uberl{\^a}ndia}
}

@phdthesis{de2016estudo,
  title={UM ESTUDO SOBRE PADR{\~O}ES E TECNOLOGIAS PARA O DESENVOLVIMENTO WEB-FRONT-END},
  author={de Souza, Pedro Menezes Ribeiro},
  year={2016},
  school={Universidade Federal do Rio de Janeiro}
}

@article{minetto2007frameworks,
  title={Frameworks para Desenvolvimento em PHP},
  author={Minetto, Elton Lu{\'\i}s},
  journal={S{\~a}o Paulo: Novatec},
  year={2007}
}

@book{nash2003java,
  title={Java Frameworks and Components: Accelerate Your Web Application Development},
  author={Nash, Michael},
  year={2003},
  publisher={Cambridge University Press}
}

@article{costa2017colossus,
  title={COLOSSUS: DESENVOLVIMENTO DE FERRAMENTA CASE PARA APOIO A CRIA{\c{C}}{\~A}O DE SISTEMAS WEB UTILIZANDO FRAMEWORKS PHP COMO MODELO E BANCO DE DADOS MYSQL},
  author={Costa, Saulo Fernandes Ant{\^o}nio da},
  year={2017}
}

@article{silveira2015desenvolvimento,
  title={Desenvolvimento Web com Framework Phalcon},
  author={Silveira, Marcos Vinicius O},
  year={2015}
}

@article{campos2007realidade,
  title={REALIDADE VIRTUAL APLICADA A E-COMMERCE: PROPOSTA DE PLATAFORMA BASEADA EM VRML E PHP},
  author={Campos, Leandro Silva and de Souza Ribeiro, Marcos Wagner},
  year={2007}
}

@book{heuser2009projeto,
  title={Projeto de banco de dados: Volume 4 da S{\'e}rie Livros did{\'a}ticos inform{\'a}tica UFRGS},
  author={Heuser, Carlos Alberto},
  year={2009},
  publisher={Bookman Editora}
}

@misc{laundon2007sistemas,
  title={Sistemas de informa{\c{c}}{\~o}es gerenciais},
  author={LAUNDON, Kenneth C and LAUNDON, Jane P},
  year={2007},
  publisher={S{\~a}o Paulo: Pearson Prentice Hall}
}

@article{batista2017desenvolvendo,
  title={Desenvolvendo aplica{\c{c}}{\~o}es web baseadas em microservi{\c{c}}o utilizando o framework Spring},
  author={Batista, Mateus Alfredo and Bastos, William Carvalho},
  journal={Sistemas de Informa{\c{c}}{\~a}o-Pedra Branca},
  year={2017}
}

@article{bianchi2015sistema,
  title={Sistema de envio e recebimento de mensagens para plataforma android utilizando Spring Boot e Google Cloud Messaging},
  author={Bianchi, Evaldo Augusto},
  year={2015},
  publisher={Universidade Tecnol{\'o}gica Federal do Paran{\'a}}
}

@article{pacheco2018analise,
  title={AN{\'A}LISE E DESENVOLVIMENTO DE UM APLICATIVO DE AUX{\'I}LIO DE TOMADA DE DECIS{\~A}O NA ESCOLHA DE GRADE DE HOR{\'A}RIOS UTILIZANDO IONIC E JEKYLL},
  author={Pacheco, Pedro Henrique and Silva, Isaac Luiz da and others},
  year={2018},
  publisher={Florian{\'o}polis, SC}
}

@inproceedings{agustin2015model,
  title={Model-driven web applications},
  author={Agustin, Jos{\'e} Luis Herrero},
  booktitle={Science and Information Conference (SAI), 2015},
  pages={954--964},
  year={2015},
  organization={IEEE}
}

@article{abreu2016desenvolvimento,
  title={Desenvolvimento de um sistema web para utiliza{\c{c}}{\~a}o e gerenciamento de dados de cupons fiscais e sa{\'u}de.},
  author={Abreu, Bernardo Gomes de},
  year={2016}
}

@article{pereira2017ferramenta,
  title={Ferramenta Web para autoavalia{\c{c}}{\~a}o de ader{\^e}ncia {\`a} Norma ISO/IEC 29110},
  author={Pereira, Anderson Andrade and others},
  year={2017},
  publisher={Florian{\'o}polis, SC}
}

@article{gonccalves2007desenvolvendo,
  title={Desenvolvendo aplica{\c{c}}{\~o}es web com jsp, servlets, javaserver faces, hibernate, ejb 3 persistence e ajax},
  author={Gon{\c{c}}alves, Edson},
  journal={Rio de Janeiro: Ci{\^e}ncia Moderna},
  pages={1--187},
  year={2007}
}

@book{larman2002utilizando,
  title={Utilizando UML e padr{\~o}es},
  author={Larman, Craig},
  year={2002},
  publisher={Bookman Editora}
}

@article{oliveira2015desenvolvimento,
  title={DESENVOLVIMENTO DE UM GERADOR DE API REST SEGUINDO OS PRINCIPAIS PADR{\~O}ES DA ARQUITETURA},
  author={Oliveira, Paulo Henrique Cardoso},
  year={2015}
}
@article{dapregao,
  title={Preg{\~a}o Eletr{\^o}nico: otimizando os recursos p{\'u}blicos},
  author={da Silva Dias, Douglas},
  year={2015}
}

@article{meirelles2011direito,
  title={Direito Administrativo Brasileiro. S{\~a}o Paulo: Malheiros, 2006},
  author={Meirelles, Hely Lopes},
  journal={Direito de Construir. 10{\textordfeminine} ed. S{\~a}o Paulo: Malheiros},
  year={2011}
}

@article{carvalho2013manual,
  title={Manual de direito administrativo},
  author={Carvalho Filho, Jos{\'e} dos Santos},
  journal={S{\~a}o Paulo: Atlas},
  volume={201},
  year={2013}
}

@inproceedings{fernandes2009sistema,
  title={Sistema de registro de pre{\c{c}}os e preg{\~a}o presencial e eletr{\^o}nico},
  author={Fernandes, Jorge Ulisses Jacoby},
  year={2009},
  organization={F{\'o}rum}
}

@misc{camarao2017fase,
  title={A fase interna de licita{\c{c}}{\~a}o--Distin{\c{c}}{\~o}es entre Projeto B{\'a}sico e Termo de Refer{\^e}ncia. 2016},
  author={CAMAR{\~A}O, Tatiana and DANIEL, Felipe Alexandre Santa Anna},
  year={2017}
}

@book{de2007curso,
  title={Curso de direito administrativo positivo},
  author={de Faria, Edimur Ferreira},
  year={2007},
  publisher={Editora del Rey}
}

@misc{brazao2013,
  title={A evolu{\c{c}}{\~a} do processo licitat{\'o}rio e a sociedade e seus anseios},
  author={Brazao, Wadih},
  year={2014}
}
@article{de8processo,
  title={PROCESSO LICITAT{\'O}RIO NO BRASIL-EVOLU{\c{C}}{\~A}O NORMATIVA},
  author={de Castro Barbosa, Glauber},
  year={2009}
  journal={Ci{\^e}ncias Sociais em Perspectiva},
  volume={8},
  number={15},
  pages={145--159}
}

@book{date2004introduccao,
	title={Introdu{\c{c}}{\~a}o a sistemas de bancos de dados},
	author={Date, Christopher J},
	year={2004},
	publisher={Elsevier Brasil}
}

@misc{mysql2018,
	author = {Oracle},
	ALTeditor = {Oracle},
	title = {MySQL Document Store: top 10 reasons},
	year = {2018},
	url = {https://www.mysql.com/why-mysql/white-papers/mysql-document-store-top-10-reasons}
}
@book{raible2016jhipster,
	title={The JHipster mini-book},
	author={Raible, Matt},
	year={2016},
	publisher={Lulu. com}
}

@article{howe2002foldoc,
	title={Foldoc: Free on-line dictionary of computing},
	author={Howe, Denis},
	year={2002},
	publisher={London Univ.}
}